<?xml version="1.0" encoding="UTF-8"?>
<SOAP-ENV:Envelope xmlns:SOAP-ENV="http://schemas.xmlsoap.org/soap/envelope/" xmlns:ns1="http://oss.dbc.dk/ns/openformat" xmlns:os="http://oss.dbc.dk/ns/opensearch" xmlns:dc="http://purl.org/dc/elements/1.1/" xmlns:dkabm="http://biblstandard.dk/abm/namespace/dkabm/" xmlns:ISO639-2="http://lcweb.loc.gov/standards/iso639-2/" xmlns:dcmitype="http://purl.org/dc/dcmitype/" xmlns:dcterms="http://purl.org/dc/terms/" xmlns:ac="http://biblstandard.dk/ac/namespace/" xmlns:dkdcplus="http://biblstandard.dk/abm/namespace/dkdcplus/" xmlns:oss="http://oss.dbc.dk/ns/osstypes" xmlns:marcx="info:lc/xmlns/marcxchange-v1" xmlns:xsi="http://www.w3.org/2001/XMLSchema-instance" xmlns:foxml="info:fedora/fedora-system:def/foxml#" xsi:schemaLocation="info:fedora/fedora-system:def/foxml# http://www.fedora.info/definitions/1/0/foxml1-1.xsd">
  <SOAP-ENV:Body>
    <ns1:formatRequest>
      <ns1:originalData>
<oclcRecords><oclcRecord><foxml:digitalObject VERSION="1.1" PID="870970-basis:29038317"
xmlns:foxml="info:fedora/fedora-system:def/foxml#"
xmlns:xsi="http://www.w3.org/2001/XMLSchema-instance"
xsi:schemaLocation="info:fedora/fedora-system:def/foxml# http://www.fedora.info/definitions/1/0/foxml1-1.xsd">
<foxml:objectProperties>
<foxml:property NAME="info:fedora/fedora-system:def/model#state" VALUE="Active"/>
<foxml:property NAME="info:fedora/fedora-system:def/model#label" VALUE=""/>
<foxml:property NAME="info:fedora/fedora-system:def/model#ownerId" VALUE=""/>
<foxml:property NAME="info:fedora/fedora-system:def/model#createdDate" VALUE="2013-05-16T12:06:01.826Z"/>
<foxml:property NAME="info:fedora/fedora-system:def/view#lastModifiedDate" VALUE="2013-05-16T12:06:01.949Z"/>
</foxml:objectProperties>
<foxml:datastream ID="AUDIT" STATE="A" CONTROL_GROUP="X" VERSIONABLE="false">
<foxml:datastreamVersion ID="AUDIT.0" LABEL="Audit Trail for this object" CREATED="2013-05-16T12:06:01.826Z" MIMETYPE="text/xml" FORMAT_URI="info:fedora/fedora-system:format/xml.fedora.audit">
<foxml:xmlContent>
<audit:auditTrail xmlns:audit="info:fedora/fedora-system:def/audit#">
<audit:record ID="AUDREC1">
<audit:process type="Fedora API-M"/>
<audit:action>modifyDatastreamByValue</audit:action>
<audit:componentID>RELS-SYS</audit:componentID>
<audit:responsibility>fedoraAdmin</audit:responsibility>
<audit:date>2013-05-16T12:06:01.949Z</audit:date>
<audit:justification></audit:justification>
</audit:record>
</audit:auditTrail>
</foxml:xmlContent>
</foxml:datastreamVersion>
</foxml:datastream>
<foxml:datastream ID="DC" STATE="A" CONTROL_GROUP="X" VERSIONABLE="false">
<foxml:datastreamVersion ID="DC.0" LABEL="" CREATED="2013-05-16T12:06:01.834Z" MIMETYPE="text/xml" SIZE="1745">
<foxml:xmlContent>
<oai_dc:dc xmlns:oai_dc="http://www.openarchives.org/OAI/2.0/oai_dc/" xmlns:dc="http://purl.org/dc/elements/1.1/" xmlns:xsi="http://www.w3.org/2001/XMLSchema-instance" xsi:schemaLocation="http://www.openarchives.org/OAI/2.0/oai_dc/ http://www.openarchives.org/OAI/2.0/oai_dc.xsd">
  <dc:title>søren kierkegꜳrds skrifter</dc:title>
  <dc:title>MATCH:søren</dc:title>
  <dc:creator>Søren Kierkegꜳrd</dc:creator>
  <dc:creator>NOBIRTH:Søren Kierkegꜳrd</dc:creator>
  <dc:creator>MATCHSTRING:Kierkegꜳrds</dc:creator>
  <dc:creator>MATCHSTRING:Kierkegꜳrds</dc:creator>
  <dc:subject>filosofiske skrifter</dc:subject>
  <dc:subject>Danmark</dc:subject>
  <dc:subject>1800-1899</dc:subject>
  <dc:publisher>søren kierkegꜳrd forskningscenteret</dc:publisher>
  <dc:publisher>gad</dc:publisher>
  <dc:publisher>MATCHSTRING:søren k</dc:publisher>
  <dc:publisher>MATCHSTRING:gad</dc:publisher>
  <dc:contributor>MATCHSTRING:Cappelørnn</dc:contributor>
  <dc:contributor>MATCHSTRING:Cappelørnn</dc:contributor>
  <dc:contributor>MATCHSTRING:søren kierkegꜳrd forskningscenteret</dc:contributor>
  <dc:contributor>MATCHSTRING:søren kierkegꜳrd forskningscenteret</dc:contributor>
  <dc:contributor>n. j. cappelørn</dc:contributor>
  <dc:contributor>søren kierkegꜳrd forskningscenteret</dc:contributor>
  <dc:date>2011</dc:date>
  <dc:type>Bog</dc:type>
  <dc:type>WORK:literature</dc:type>
  <dc:type>RECORD:multivolume</dc:type>
  <dc:identifier>870970-basis:29038317</dc:identifier>
  <dc:identifier>ISBN:9788712046240</dc:identifier>
  <dc:identifier>ISBN:9788712046264</dc:identifier>
  <dc:identifier>ISBN:9788712046288</dc:identifier>
  <dc:language>Dansk</dc:language>
  <dc:relation>:21891592</dc:relation>
</oai_dc:dc>
</foxml:xmlContent>
</foxml:datastreamVersion>
</foxml:datastream>
<foxml:datastream ID="commonData" STATE="A" CONTROL_GROUP="X" VERSIONABLE="false">
<foxml:datastreamVersion ID="commonData.0" LABEL="" CREATED="2013-05-16T12:06:01.835Z" MIMETYPE="text/xml" SIZE="14234">
<foxml:xmlContent>
<ting:container xmlns:ac="http://biblstandard.dk/ac/namespace/" xmlns:dc="http://purl.org/dc/elements/1.1/" xmlns:dcterms="http://purl.org/dc/terms/" xmlns:dkabm="http://biblstandard.dk/abm/namespace/dkabm/" xmlns:dkdcplus="http://biblstandard.dk/abm/namespace/dkdcplus/" xmlns:docbook="http://docbook.org/ns/docbook" xmlns:oss="http://oss.dbc.dk/ns/osstypes" xmlns:ting="http://www.dbc.dk/ting" xmlns:xsi="http://www.w3.org/2001/XMLSchema-instance"><dkabm:record><ac:identifier>29038317|870970</ac:identifier><ac:source>Bibliotekskatalog</ac:source><dc:title>Søren Kierkegꜳrds skrifter</dc:title><dc:title xsi:type="dkdcplus:full">Søren Kierkegꜳrds skrifter : Kommentarer til Løse papirer</dc:title><dc:creator xsi:type="dkdcplus:aut">Søren Kierkegꜳrd</dc:creator><dc:creator xsi:type="oss:sort">Kierkegꜳrd, Søren</dc:creator><dc:subject xsi:type="dkdcplus:DK5">04.6</dc:subject><dc:subject xsi:type="dkdcplus:DK5-Text">Danske forfatteres værker af blandet indhold</dc:subject><dc:subject xsi:type="dkdcplus:DBCO">filosofiske skrifter</dc:subject><dc:description>Katalogiseret efter omslaget</dc:description><dcterms:audience>voksenmaterialer</dcterms:audience><dc:publisher>Søren Kierkegꜳrd Forskningscenteret</dc:publisher><dc:publisher>Gad</dc:publisher><dc:contributor>N. J. Cappelørn</dc:contributor><dc:contributor>Søren Kierkegꜳrd Forskningscenteret</dc:contributor><dc:date>2011</dc:date><dc:type xsi:type="dkdcplus:BibDK-Type">Bog</dc:type><dc:format>illustreret</dc:format><dcterms:extent>1166 sider</dcterms:extent><dcterms:extent>bind</dcterms:extent><dc:identifier xsi:type="dkdcplus:ISBN">9788712046240</dc:identifier><dc:identifier xsi:type="dkdcplus:ISBN">9788712046264</dc:identifier><dc:identifier xsi:type="dkdcplus:ISBN">9788712046288</dc:identifier><dc:language xsi:type="dcterms:ISO639-2">dan</dc:language><dc:language>Dansk</dc:language><dcterms:spatial xsi:type="dkdcplus:DBCF">Danmark</dcterms:spatial><dcterms:temporal xsi:type="dkdcplus:DBCP">1800-1899</dcterms:temporal></dkabm:record><marcx:collection xmlns:marcx="info:lc/xmlns/marcxchange-v1"><marcx:record format="danMARC2" type="Bibliographic"><marcx:leader>00000n    2200000   4500</marcx:leader><marcx:datafield ind1="0" ind2="0" tag="001"><marcx:subfield code="a">29038317</marcx:subfield><marcx:subfield code="b">870970</marcx:subfield><marcx:subfield code="c">20120419085703</marcx:subfield><marcx:subfield code="d">20111027</marcx:subfield><marcx:subfield code="f">a</marcx:subfield></marcx:datafield><marcx:datafield ind1="0" ind2="0" tag="004"><marcx:subfield code="r">n</marcx:subfield><marcx:subfield code="a">e</marcx:subfield></marcx:datafield><marcx:datafield ind1="0" ind2="0" tag="008"><marcx:subfield code="t">s</marcx:subfield><marcx:subfield code="u">f</marcx:subfield><marcx:subfield code="a">2011</marcx:subfield><marcx:subfield code="l">dan</marcx:subfield><marcx:subfield code="b">dk</marcx:subfield><marcx:subfield code="d">y</marcx:subfield><marcx:subfield code="v">0</marcx:subfield></marcx:datafield><marcx:datafield ind1="0" ind2="0" tag="009"><marcx:subfield code="a">a</marcx:subfield><marcx:subfield code="g">xx</marcx:subfield></marcx:datafield><marcx:datafield ind1="0" ind2="0" tag="018"><marcx:subfield code="a">21891592</marcx:subfield></marcx:datafield><marcx:datafield ind1="0" ind2="0" tag="021"><marcx:subfield code="e">9788712046240</marcx:subfield><marcx:subfield code="c">ib.</marcx:subfield><marcx:subfield code="d">kr. 525,00</marcx:subfield><marcx:subfield code="b">Bind 27 og Kommentarbind, K27</marcx:subfield></marcx:datafield><marcx:datafield ind1="0" ind2="0" tag="021"><marcx:subfield code="e">9788712046264</marcx:subfield><marcx:subfield code="c">ib. shirt.</marcx:subfield></marcx:datafield><marcx:datafield ind1="0" ind2="0" tag="021"><marcx:subfield code="e">9788712046288</marcx:subfield><marcx:subfield code="c">særib.</marcx:subfield></marcx:datafield><marcx:datafield ind1="0" ind2="0" tag="032"><marcx:subfield code="x">ACC201143</marcx:subfield><marcx:subfield code="a">DBF201148</marcx:subfield><marcx:subfield code="x">BKM201148</marcx:subfield></marcx:datafield><marcx:datafield ind1="0" ind2="0" tag="100"><marcx:subfield code="a">Kierkegꜳrd</marcx:subfield><marcx:subfield code="h">Søren</marcx:subfield></marcx:datafield><marcx:datafield ind1="0" ind2="0" tag="245"><marcx:subfield code="a">Søren Kierkegꜳrds skrifter</marcx:subfield><marcx:subfield code="f">redaktion: Niels Jørgen Cappelørn ... [et al.]</marcx:subfield><marcx:subfield code="c">Kommentarer til Løse papirer</marcx:subfield><marcx:subfield code="g">[Bind] K27</marcx:subfield></marcx:datafield><marcx:datafield ind1="0" ind2="0" tag="260"><marcx:subfield code="c">2011</marcx:subfield></marcx:datafield><marcx:datafield ind1="0" ind2="0" tag="260"><marcx:subfield code="&amp;">1</marcx:subfield><marcx:subfield code="a">Kbh.</marcx:subfield><marcx:subfield code="b">Søren Kierkegꜳrd Forskningscenteret</marcx:subfield><marcx:subfield code="b">Gad</marcx:subfield><marcx:subfield code="g">[eksp. NBC]</marcx:subfield><marcx:subfield code="c">1997—</marcx:subfield></marcx:datafield><marcx:datafield ind1="0" ind2="0" tag="300"><marcx:subfield code="a">1166 sider</marcx:subfield></marcx:datafield><marcx:datafield ind1="0" ind2="0" tag="300"><marcx:subfield code="a">bind</marcx:subfield><marcx:subfield code="b">ill.</marcx:subfield></marcx:datafield><marcx:datafield ind1="0" ind2="0" tag="512"><marcx:subfield code="a">Katalogiseret efter omslaget</marcx:subfield></marcx:datafield><marcx:datafield ind1="0" ind2="0" tag="521"><marcx:subfield code="b">1. oplag</marcx:subfield><marcx:subfield code="c">2011</marcx:subfield><marcx:subfield code="k">Special-trykkeriet Viborg</marcx:subfield></marcx:datafield><marcx:datafield ind1="0" ind2="0" tag="532"><marcx:subfield code="&amp;">1</marcx:subfield><marcx:subfield code="a">Litteraturhenvisninger</marcx:subfield></marcx:datafield><marcx:datafield ind1="0" ind2="0" tag="652"><marcx:subfield code="m">04.6</marcx:subfield></marcx:datafield><marcx:datafield ind1="0" ind2="0" tag="666"><marcx:subfield code="0"></marcx:subfield><marcx:subfield code="i">1800-1899</marcx:subfield></marcx:datafield><marcx:datafield ind1="0" ind2="0" tag="666"><marcx:subfield code="0"></marcx:subfield><marcx:subfield code="e">Danmark</marcx:subfield></marcx:datafield><marcx:datafield ind1="0" ind2="0" tag="666"><marcx:subfield code="0"></marcx:subfield><marcx:subfield code="o">filosofiske skrifter</marcx:subfield></marcx:datafield><marcx:datafield ind1="0" ind2="0" tag="700"><marcx:subfield code="a">Cappelørn</marcx:subfield><marcx:subfield code="h">N. J.</marcx:subfield></marcx:datafield><marcx:datafield ind1="0" ind2="0" tag="710"><marcx:subfield code="a">Søren Kierkegꜳrd Forskningscenteret</marcx:subfield></marcx:datafield><marcx:datafield ind1="0" ind2="0" tag="900"><marcx:subfield code="a">Cappelørn</marcx:subfield><marcx:subfield code="h">Niels Jørgen</marcx:subfield><marcx:subfield code="z">700</marcx:subfield></marcx:datafield><marcx:datafield ind1="0" ind2="0" tag="910"><marcx:subfield code="a">Københavns Universitet</marcx:subfield><marcx:subfield code="c">Søren Kierkegꜳrd Forskningscenteret</marcx:subfield><marcx:subfield code="z">710</marcx:subfield></marcx:datafield><marcx:datafield ind1="0" ind2="0" tag="990"><marcx:subfield code="o">201148</marcx:subfield><marcx:subfield code="b">v</marcx:subfield><marcx:subfield code="u">nt</marcx:subfield></marcx:datafield><marcx:datafield ind1="0" ind2="0" tag="996"><marcx:subfield code="a">DBC</marcx:subfield></marcx:datafield></marcx:record>