<marcx:record format="danMARC2" type="BibliographicMain"><marcx:leader>00000n    2200000   4500</marcx:leader><marcx:datafield ind1="0" ind2="0" tag="001"><marcx:subfield code="a">21891592</marcx:subfield><marcx:subfield code="b">870970</marcx:subfield><marcx:subfield code="c">20120525123439</marcx:subfield><marcx:subfield code="d">19971028</marcx:subfield><marcx:subfield code="f">a</marcx:subfield></marcx:datafield><marcx:datafield ind1="0" ind2="0" tag="004"><marcx:subfield code="r">n</marcx:subfield><marcx:subfield code="a">h</marcx:subfield></marcx:datafield><marcx:datafield ind1="0" ind2="0" tag="008"><marcx:subfield code="b">dk</marcx:subfield><marcx:subfield code="d">y</marcx:subfield><marcx:subfield code="x">06</marcx:subfield><marcx:subfield code="v">0</marcx:subfield></marcx:datafield><marcx:datafield ind1="0" ind2="0" tag="009"><marcx:subfield code="a">a</marcx:subfield><marcx:subfield code="g">xx</marcx:subfield></marcx:datafield><marcx:datafield ind1="0" ind2="0" tag="100"><marcx:subfield code="a">Kierkegꜳrd</marcx:subfield><marcx:subfield code="h">Søren</marcx:subfield></marcx:datafield><marcx:datafield ind1="0" ind2="0" tag="245"><marcx:subfield code="a">Søren Kierkegꜳrds skrifter</marcx:subfield><marcx:subfield code="f">redaktion: Niels Jørgen Cappelørn ... [et al.]</marcx:subfield><marcx:subfield code="y">Kommentarbind</marcx:subfield></marcx:datafield><marcx:datafield ind1="0" ind2="0" tag="260"><marcx:subfield code="&amp;">1</marcx:subfield><marcx:subfield code="a">Kbh.</marcx:subfield><marcx:subfield code="b">Søren Kierkegꜳrd Forskningscenteret</marcx:subfield><marcx:subfield code="b">Gad</marcx:subfield><marcx:subfield code="g">[eksp. NBC]</marcx:subfield><marcx:subfield code="c">1997—</marcx:subfield></marcx:datafield><marcx:datafield ind1="0" ind2="0" tag="300"><marcx:subfield code="a">bind</marcx:subfield><marcx:subfield code="b">ill.</marcx:subfield></marcx:datafield><marcx:datafield ind1="0" ind2="0" tag="532"><marcx:subfield code="&amp;">1</marcx:subfield><marcx:subfield code="a">Litteraturhenvisninger</marcx:subfield></marcx:datafield><marcx:datafield ind1="0" ind2="0" tag="652"><marcx:subfield code="m">04.6</marcx:subfield></marcx:datafield><marcx:datafield ind1="0" ind2="0" tag="666"><marcx:subfield code="0"></marcx:subfield><marcx:subfield code="i">1800-1899</marcx:subfield></marcx:datafield><marcx:datafield ind1="0" ind2="0" tag="666"><marcx:subfield code="0"></marcx:subfield><marcx:subfield code="e">Danmark</marcx:subfield></marcx:datafield><marcx:datafield ind1="0" ind2="0" tag="666"><marcx:subfield code="0"></marcx:subfield><marcx:subfield code="o">filosofiske skrifter</marcx:subfield></marcx:datafield><marcx:datafield ind1="0" ind2="0" tag="700"><marcx:subfield code="a">Cappelørn</marcx:subfield><marcx:subfield code="h">N. J.</marcx:subfield></marcx:datafield><marcx:datafield ind1="0" ind2="0" tag="710"><marcx:subfield code="a">Søren Kierkegꜳrd Forskningscenteret</marcx:subfield></marcx:datafield><marcx:datafield ind1="0" ind2="0" tag="900"><marcx:subfield code="a">Cappelørn</marcx:subfield><marcx:subfield code="h">Niels Jørgen</marcx:subfield><marcx:subfield code="z">700</marcx:subfield></marcx:datafield><marcx:datafield ind1="0" ind2="0" tag="910"><marcx:subfield code="a">Københavns Universitet</marcx:subfield><marcx:subfield code="c">Søren Kierkegꜳrd Forskningscenteret</marcx:subfield><marcx:subfield code="z">710</marcx:subfield></marcx:datafield></marcx:record>