<marcx:record format="danMARC2" type="BibliographicVolume"><marcx:leader>00000n    2200000   4500</marcx:leader><marcx:datafield ind1="0" ind2="0" tag="001"><marcx:subfield code="a">29038317</marcx:subfield><marcx:subfield code="b">870970</marcx:subfield><marcx:subfield code="c">20120419085703</marcx:subfield><marcx:subfield code="d">20111027</marcx:subfield><marcx:subfield code="f">a</marcx:subfield></marcx:datafield><marcx:datafield ind1="0" ind2="0" tag="004"><marcx:subfield code="r">n</marcx:subfield><marcx:subfield code="a">b</marcx:subfield></marcx:datafield><marcx:datafield ind1="0" ind2="0" tag="008"><marcx:subfield code="t">s</marcx:subfield><marcx:subfield code="u">f</marcx:subfield><marcx:subfield code="a">2011</marcx:subfield><marcx:subfield code="l">dan</marcx:subfield><marcx:subfield code="v">0</marcx:subfield></marcx:datafield><marcx:datafield ind1="0" ind2="0" tag="014"><marcx:subfield code="a">21891592</marcx:subfield></marcx:datafield><marcx:datafield ind1="0" ind2="0" tag="021"><marcx:subfield code="e">9788712046240</marcx:subfield><marcx:subfield code="c">ib.</marcx:subfield><marcx:subfield code="d">kr. 525,00</marcx:subfield><marcx:subfield code="b">Bind 27 og Kommentarbind, K27</marcx:subfield></marcx:datafield><marcx:datafield ind1="0" ind2="0" tag="021"><marcx:subfield code="e">9788712046264</marcx:subfield><marcx:subfield code="c">ib. shirt.</marcx:subfield></marcx:datafield><marcx:datafield ind1="0" ind2="0" tag="021"><marcx:subfield code="e">9788712046288</marcx:subfield><marcx:subfield code="c">særib.</marcx:subfield></marcx:datafield><marcx:datafield ind1="0" ind2="0" tag="032"><marcx:subfield code="x">ACC201143</marcx:subfield><marcx:subfield code="a">DBF201148</marcx:subfield><marcx:subfield code="x">BKM201148</marcx:subfield></marcx:datafield><marcx:datafield ind1="0" ind2="0" tag="245"><marcx:subfield code="g">[Bind] K27</marcx:subfield><marcx:subfield code="a">Kommentarer til Løse papirer</marcx:subfield></marcx:datafield><marcx:datafield ind1="0" ind2="0" tag="260"><marcx:subfield code="c">2011</marcx:subfield></marcx:datafield><marcx:datafield ind1="0" ind2="0" tag="300"><marcx:subfield code="a">1166 sider</marcx:subfield></marcx:datafield><marcx:datafield ind1="0" ind2="0" tag="512"><marcx:subfield code="a">Katalogiseret efter omslaget</marcx:subfield></marcx:datafield><marcx:datafield ind1="0" ind2="0" tag="521"><marcx:subfield code="&amp;">REX</marcx:subfield><marcx:subfield code="b">1. oplag</marcx:subfield><marcx:subfield code="c">2011</marcx:subfield><marcx:subfield code="k">Special-trykkeriet Viborg</marcx:subfield></marcx:datafield><marcx:datafield ind1="0" ind2="0" tag="990"><marcx:subfield code="o">201148</marcx:subfield><marcx:subfield code="b">v</marcx:subfield><marcx:subfield code="u">nt</marcx:subfield></marcx:datafield></marcx:record></marcx:collection><adminData><creationDate>2011-10-27</creationDate><libraryType>none</libraryType><indexingAlias>danmarcxchange</indexingAlias><accessType>physical</accessType><genre>nonfiktion</genre><collectionIdentifier>870970-basis</collectionIdentifier></adminData></ting:container>
</foxml:xmlContent>
</foxml:datastreamVersion>
</foxml:datastream>
<foxml:datastream ID="localData.870970-basis" STATE="A" CONTROL_GROUP="X" VERSIONABLE="false">
<foxml:datastreamVersion ID="localData.870970-basis.0" LABEL="" CREATED="2013-05-16T12:06:01.835Z" MIMETYPE="text/xml" SIZE="6122">
<foxml:xmlContent>
<ting:localData xmlns:ting="http://www.dbc.dk/ting"><marcx:record xmlns:marcx="info:lc/xmlns/marcxchange-v1" format="danMARC2" type="BibliographicLocal"><marcx:datafield ind1="0" ind2="0" tag="d08"><marcx:subfield code="a">dh(021/1:&quot;særindb.&quot; er opgivet, skal angives som &quot;bogblok&quot; (til samme pris)(oversættere flyttet fra hoved- til bindposter, - medtages kun hvis de ræder på fremtrædende plads (de sidste 2-3 sider) og ikke længere inde i bogen, som det er tilfældet på nogle bind, 0538/amh)</marcx:subfield><marcx:subfield code="r">osh</marcx:subfield><marcx:subfield code="a">008x tilf. 201022</marcx:subfield></marcx:datafield><marcx:datafield ind1="0" ind2="0" tag="d08"><marcx:subfield code="o">wnn</marcx:subfield><marcx:subfield code="o">ljl</marcx:subfield><marcx:subfield code="a">512: titelside=indholdsfort.</marcx:subfield><marcx:subfield code="k">psc</marcx:subfield></marcx:datafield><marcx:datafield ind1="0" ind2="0" tag="d09"><marcx:subfield code="z">REX201217</marcx:subfield></marcx:datafield><marcx:datafield ind1="0" ind2="0" tag="d31"><marcx:subfield code="b">160</marcx:subfield><marcx:subfield code="h">253</marcx:subfield><marcx:subfield code="t">79</marcx:subfield></marcx:datafield><marcx:datafield ind1="0" ind2="0" tag="d32"><marcx:subfield code="b">155</marcx:subfield><marcx:subfield code="h">250</marcx:subfield></marcx:datafield><marcx:datafield ind1="0" ind2="0" tag="d35"><marcx:subfield code="a">P</marcx:subfield><marcx:subfield code="i">02</marcx:subfield><marcx:subfield code="n">09</marcx:subfield><marcx:subfield code="p">05</marcx:subfield><marcx:subfield code="q">09</marcx:subfield></marcx:datafield><marcx:datafield ind1="0" ind2="0" tag="d70"><marcx:subfield code="a">1-28 og K1-K27</marcx:subfield><marcx:subfield code="b">=55 bd. (totaludgave: trykte skrifter, ikke-trykte skrifter, og (i bredere format:) journaler, breve mv.) Udkommer - og OBS! sælges - i &quot;pakker&quot; (tekstbind+K(ommentar)bind) over en årerække</marcx:subfield></marcx:datafield><marcx:datafield ind1="0" ind2="0" tag="d70"><marcx:subfield code="a">elektronisk version</marcx:subfield><marcx:subfield code="b">planlagt. Udvidet i forh. til bogudg. med alle varianter, 2. udgaver og div. redskaber</marcx:subfield></marcx:datafield><marcx:datafield ind1="0" ind2="0" tag="f06"><marcx:subfield code="b">v</marcx:subfield></marcx:datafield><marcx:datafield ind1="0" ind2="0" tag="n51"><marcx:subfield code="a">20111128</marcx:subfield></marcx:datafield><marcx:datafield ind1="0" ind2="0" tag="n55"><marcx:subfield code="a">20111027</marcx:subfield></marcx:datafield><marcx:datafield ind1="0" ind2="0" tag="s12"><marcx:subfield code="t">TeamBLY201145</marcx:subfield></marcx:datafield><marcx:datafield ind1="0" ind2="0" tag="z99"><marcx:subfield code="a">bvl</marcx:subfield></marcx:datafield><marcx:datafield ind1="0" ind2="0" tag="z99"><marcx:subfield code="a">cko</marcx:subfield></marcx:datafield><marcx:datafield ind1="0" ind2="0" tag="d08"><marcx:subfield code="a">dh(021/1:&quot;særindb.&quot; er opgivet, skal angives som &quot;bogblok&quot; (til samme pris)(oversættere flyttet fra hoved- til bindposter, - medtages kun hvis de ræder på fremtrædende plads (de sidste 2-3 sider) og ikke længere inde i bogen, som det er tilfældet på nogle bind, 0538/amh)</marcx:subfield><marcx:subfield code="r">osh</marcx:subfield><marcx:subfield code="a">008x tilf. 201022</marcx:subfield></marcx:datafield><marcx:datafield ind1="0" ind2="0" tag="d70"><marcx:subfield code="a">1-28 og K1-K27</marcx:subfield><marcx:subfield code="b">=55 bd. (totaludgave: trykte skrifter, ikke-trykte skrifter, og (i bredere format:) journaler, breve mv.) Udkommer - og OBS! sælges - i &quot;pakker&quot; (tekstbind+K(ommentar)bind) over en årerække</marcx:subfield></marcx:datafield><marcx:datafield ind1="0" ind2="0" tag="d70"><marcx:subfield code="a">elektronisk version</marcx:subfield><marcx:subfield code="b">planlagt. Udvidet i forh. til bogudg. med alle varianter, 2. udgaver og div. redskaber</marcx:subfield></marcx:datafield><marcx:datafield ind1="0" ind2="0" tag="s10"><marcx:subfield code="a">DBC</marcx:subfield></marcx:datafield><marcx:datafield ind1="0" ind2="0" tag="z99"><marcx:subfield code="a">bvl</marcx:subfield></marcx:datafield><marcx:datafield ind1="0" ind2="0" tag="n55"><marcx:subfield code="a">20050301</marcx:subfield></marcx:datafield><marcx:datafield ind1="0" ind2="0" tag="d08"><marcx:subfield code="o">wnn</marcx:subfield><marcx:subfield code="o">ljl</marcx:subfield><marcx:subfield code="a">512: titelside=indholdsfort.</marcx:subfield><marcx:subfield code="k">psc</marcx:subfield></marcx:datafield><marcx:datafield ind1="0" ind2="0" tag="d09"><marcx:subfield code="z">REX201217</marcx:subfield></marcx:datafield><marcx:datafield ind1="0" ind2="0" tag="d31"><marcx:subfield code="b">160</marcx:subfield><marcx:subfield code="h">253</marcx:subfield><marcx:subfield code="t">79</marcx:subfield></marcx:datafield><marcx:datafield ind1="0" ind2="0" tag="d32"><marcx:subfield code="b">155</marcx:subfield><marcx:subfield code="h">250</marcx:subfield></marcx:datafield><marcx:datafield ind1="0" ind2="0" tag="d35"><marcx:subfield code="a">P</marcx:subfield><marcx:subfield code="i">02</marcx:subfield><marcx:subfield code="n">09</marcx:subfield><marcx:subfield code="p">05</marcx:subfield><marcx:subfield code="q">09</marcx:subfield></marcx:datafield><marcx:datafield ind1="0" ind2="0" tag="f06"><marcx:subfield code="b">v</marcx:subfield></marcx:datafield><marcx:datafield ind1="0" ind2="0" tag="n51"><marcx:subfield code="a">20111128</marcx:subfield></marcx:datafield><marcx:datafield ind1="0" ind2="0" tag="s10"><marcx:subfield code="a">DBC</marcx:subfield></marcx:datafield><marcx:datafield ind1="0" ind2="0" tag="s12"><marcx:subfield code="t">TeamBLY201145</marcx:subfield></marcx:datafield><marcx:datafield ind1="0" ind2="0" tag="z99"><marcx:subfield code="a">cko</marcx:subfield></marcx:datafield><marcx:datafield ind1="0" ind2="0" tag="n55"><marcx:subfield code="a">20111027</marcx:subfield></marcx:datafield></marcx:record></ting:localData>
</foxml:xmlContent>
</foxml:datastreamVersion>
</foxml:datastream>
<foxml:datastream ID="RELS-SYS" STATE="A" CONTROL_GROUP="X" VERSIONABLE="false">
<foxml:datastreamVersion ID="RELS-SYS.1" LABEL="" CREATED="2013-05-16T12:06:01.949Z" MIMETYPE="application/rdf+xml" SIZE="317">
<foxml:xmlContent>
<rdf:RDF xmlns:rdf="http://www.w3.org/1999/02/22-rdf-syntax-ns#">
  <rdf:Description rdf:about="info:fedora/870970-basis:29038317">
    <isMemberOfUnit xmlns="info:fedora/">unit:43193</isMemberOfUnit>
    <isPrimaryBibObjectFor xmlns="info:fedora/">unit:43193</isPrimaryBibObjectFor>
  </rdf:Description>
</rdf:RDF>
</foxml:xmlContent>
</foxml:datastreamVersion>
</foxml:datastream>
</foxml:digitalObject><ocn></ocn><holdingsServiceResponse><response>
<timestamp>2013-05-30 10:31:00.712</timestamp>
<pid>870970-basis:29038317</pid>
<result>
</result>
</response></holdingsServiceResponse></oclcRecord></oclcRecords>

</ns1:originalData>
<ns1:outputFormat>PLACEHOLDER</ns1:outputFormat>
   </ns1:formatRequest>
 </SOAP-ENV:Body>
</SOAP-ENV:Envelope>
